@misc{polkadot,
    author    = "Polkadot",
    title     = "Polkadot Network",
    howpublished = "\url{https://polkadot.network/}"
}
@misc{substrate,
    author    = "Substrate",
    title     = "Build Any Blockchain",
    howpublished = "\url{https://www.substrate.io/}"
}
@misc{edsl,
    author    = "Haskell",
    title     = "Embedded domain specific language",
    howpublished = "\url{https://wiki.haskell.org/Embedded_domain_specific_language}"
}
@misc{ink,
    author    = "ink!",
    title     = "ink! Smart Contracts",
    howpublished = "\url{https://github.com/paritytech/ink}"
}
@misc{tutorial,
    author    = "ink!",
    title     = "ink! Smart Contracts Tutorial",
    howpublished = "\url{https://substrate.dev/substrate-contracts-workshop/#/0/introduction}"
}
@misc{containers,
    author    = "Microsoft",
    title     = "Developing inside a Container",
    howpublished = "\url{https://code.visualstudio.com/docs/remote/containers}"
}
@misc{overflow,
    author    = "StackOverflow",
    title     = "Questions tagged [rust-ink]",
    howpublished = "\url{https://stackoverflow.com/questions/tagged/rust-ink?tab=Newest}"
}
@misc{github,
    author    = "Github",
    title     = "PoC source code",
    howpublished = "\url{https://github.com/ianpurton/rust-smart-contract}"
}
 